	@book{guidelatex,
			author = {Le KI'022},
			title = {Guide d'utilisation de \LaTeX},
			year = {2020},
		}
